<record><leader>00000cas a2200000 a 4500</leader><controlfield tag="001">13676514</controlfield><controlfield tag="008">860602c19199999okudr ne      0    0eng d</controlfield><datafield ind1=" " ind2=" " tag="010"><subfield code="a">sn 86064165 </subfield></datafield><datafield ind1=" " ind2=" " tag="040"><subfield code="a">KSH</subfield><subfield code="b">eng</subfield><subfield code="c">KSH</subfield><subfield code="d">NPT</subfield><subfield code="d">OBN</subfield><subfield code="d">OCL</subfield><subfield code="d">OCLCQ</subfield><subfield code="d">OCLCF</subfield><subfield code="d">OCLCO</subfield></datafield><datafield ind1="1" ind2=" " tag="029"><subfield code="a">AU@</subfield><subfield code="b">000022169885</subfield></datafield><datafield ind1=" " ind2=" " tag="042"><subfield code="a">msc</subfield></datafield><datafield ind1=" " ind2=" " tag="043"><subfield code="a">n-us-ok</subfield></datafield><datafield ind1="0" ind2="4" tag="245"><subfield code="a">The Vinita daily journal.</subfield></datafield><datafield ind1=" " ind2=" " tag="260"><subfield code="a">Vinita, Okla. :</subfield><subfield code="b">Willis F. Allen</subfield></datafield><datafield ind1=" " ind2=" " tag="300"><subfield code="a">v.</subfield></datafield><datafield ind1=" " ind2=" " tag="310"><subfield code="a">Daily (except Sunday)</subfield></datafield><datafield ind1="0" ind2=" " tag="362"><subfield code="a">Vol. 5, no. 353 (Feb. 3, 1919)-</subfield></datafield><datafield ind1=" " ind2=" " tag="580"><subfield code="a">Weekly eds.: Vinita weekly journal, 1907-Apr 19, 1917, and: Vinita journal, Apr 26, 1917-Oct. 2, 1919, and: Vinita leader, Oct 9, 1919-Nov. 5, 1959.</subfield></datafield><datafield ind1=" " ind2="0" tag="651"><subfield code="a">Vinita (Okla.)</subfield><subfield code="v">Newspapers.</subfield></datafield><datafield ind1=" " ind2="0" tag="651"><subfield code="a">Craig County (Okla.)</subfield><subfield code="v">Newspapers.</subfield></datafield><datafield ind1=" " ind2="7" tag="655"><subfield code="a">Newspapers.</subfield><subfield code="2">fast</subfield><subfield code="0">(OCoLC)fst01423814</subfield></datafield><datafield ind1=" " ind2="7" tag="651"><subfield code="a">Oklahoma</subfield><subfield code="z">Craig County.</subfield><subfield code="2">fast</subfield><subfield code="0">(OCoLC)fst01207172</subfield></datafield><datafield ind1=" " ind2="7" tag="651"><subfield code="a">Oklahoma</subfield><subfield code="z">Vinita.</subfield><subfield code="2">fast</subfield><subfield code="0">(OCoLC)fst01220562</subfield></datafield><datafield ind1=" " ind2=" " tag="752"><subfield code="a">United States</subfield><subfield code="b">Oklahoma</subfield><subfield code="c">Craig</subfield><subfield code="d">Vinita.</subfield></datafield><datafield ind1="0" ind2=" " tag="775"><subfield code="t">Vinita weekly journal</subfield><subfield code="w">(DLC)sn 96093908</subfield><subfield code="w">(OCoLC)35302598</subfield></datafield><datafield ind1="0" ind2=" " tag="775"><subfield code="t">Vinita journal</subfield><subfield code="w">(DLC)sn 86064120</subfield><subfield code="w">(OCoLC)13621427</subfield></datafield><datafield ind1="0" ind2=" " tag="775"><subfield code="t">Vinita leader</subfield><subfield code="w">(DLC)sn 86064131</subfield><subfield code="w">(OCoLC)13646071</subfield></datafield><datafield ind1="0" ind2="0" tag="780"><subfield code="t">Vinita evening sun-herald</subfield><subfield code="w">(DLC)sn 96093907</subfield><subfield code="w">(OCoLC)35302453</subfield></datafield></record>